<record><leader>00000cas a2200000 a 4500</leader><controlfield tag="001">27091498</controlfield><controlfield tag="008">921209d18811972iluwr ne      0   a0eng c</controlfield><datafield ind1=" " ind2=" " tag="010"><subfield code="a">sn 92053972 </subfield></datafield><datafield ind1=" " ind2=" " tag="040"><subfield code="a">NVF</subfield><subfield code="b">eng</subfield><subfield code="c">NVF</subfield><subfield code="d">NVF</subfield><subfield code="d">OCLCF</subfield><subfield code="d">OCLCO</subfield><subfield code="d">NVF</subfield></datafield><datafield ind1=" " ind2=" " tag="042"><subfield code="a">pcc</subfield></datafield><datafield ind1=" " ind2=" " tag="043"><subfield code="a">n-us-il</subfield></datafield><datafield ind1="0" ind2="0" tag="245"><subfield code="a">Port Byron globe.</subfield></datafield><datafield ind1=" " ind2=" " tag="260"><subfield code="a">Port Byron, Ill. :</subfield><subfield code="b">Hess &amp; Owen</subfield></datafield><datafield ind1="2" ind2=" " tag="260"><subfield code="3">&lt;Mar. 8, 1934&gt;</subfield><subfield code="a">Port Byron, Ill. :</subfield><subfield code="b">Ida S. Hall</subfield></datafield><datafield ind1="2" ind2=" " tag="260"><subfield code="3">&lt;Apr. 23, 1953-Aug. 10, 1967&gt;</subfield><subfield code="a">Port Byron, Ill. :</subfield><subfield code="b">Homer G. Sell</subfield></datafield><datafield ind1="2" ind2=" " tag="260"><subfield code="3">&lt;Mar. 20, 1969-Feb. 10, 1972&gt;</subfield><subfield code="a">Port Byron, Ill. :</subfield><subfield code="b">Dayton Gilpin Stagg</subfield></datafield><datafield ind1="3" ind2=" " tag="260"><subfield code="3">&lt;Dec. 28, 1972&gt;</subfield><subfield code="a">Port Byron, Ill. :</subfield><subfield code="b">Globe Publications Ltd.</subfield></datafield><datafield ind1=" " ind2=" " tag="300"><subfield code="a">v.</subfield></datafield><datafield ind1=" " ind2=" " tag="310"><subfield code="a">Weekly</subfield></datafield><datafield ind1="1" ind2=" " tag="362"><subfield code="a">Began in 1881?</subfield></datafield><datafield ind1="0" ind2=" " tag="362"><subfield code="a">-93rd year (Dec. 28, 1972).</subfield></datafield><datafield ind1=" " ind2=" " tag="515"><subfield code="a">Volume, numbering, and chronological irregularities.</subfield></datafield><datafield ind1=" " ind2=" " tag="515"><subfield code="a">Issues for &lt;Mar. 8, 1884-Oct. 18, 1895&gt; called &lt;v. 4, no. 22-v. 15, no. 51&gt;.</subfield></datafield><datafield ind1=" " ind2=" " tag="515"><subfield code="a">Issues for &lt;Nov. 1, 1895&gt;-1972 called &lt;16th year, no. 1&gt;-93rd year.</subfield></datafield><datafield ind1=" " ind2=" " tag="588"><subfield code="a">Description based on: Vol. 4, no. 22 (Mar. 8, 1884).</subfield></datafield><datafield ind1=" " ind2="0" tag="651"><subfield code="a">Port Byron (Ill.)</subfield><subfield code="v">Newspapers.</subfield></datafield><datafield ind1=" " ind2="0" tag="651"><subfield code="a">Hillsdale (Ill.)</subfield><subfield code="v">Newspapers.</subfield></datafield><datafield ind1=" " ind2="7" tag="651"><subfield code="a">Illinois</subfield><subfield code="z">Hillsdale.</subfield><subfield code="2">fast</subfield><subfield code="0">(OCoLC)fst01883510</subfield></datafield><datafield ind1=" " ind2="7" tag="651"><subfield code="a">Illinois</subfield><subfield code="z">Port Byron.</subfield><subfield code="2">fast</subfield><subfield code="0">(OCoLC)fst01883521</subfield></datafield><datafield ind1=" " ind2="7" tag="655"><subfield code="a">Newspapers.</subfield><subfield code="2">fast</subfield><subfield code="0">(OCoLC)fst01423814</subfield></datafield><datafield ind1=" " ind2=" " tag="752"><subfield code="a">United States</subfield><subfield code="b">Illinois</subfield><subfield code="c">Rock Island County</subfield><subfield code="d">Port Byron.</subfield></datafield><datafield ind1="0" ind2="0" tag="785"><subfield code="t">Globe (Port Byron, Ill.)</subfield><subfield code="w">(DLC)sn2003061935</subfield><subfield code="w">(OCoLC)53094527</subfield></datafield><datafield ind1="1" ind2=" " tag="029"><subfield code="a">AU@</subfield><subfield code="b">000020745656</subfield></datafield></record>